@misc{ pdmia,
       author = "Groupe PDMIA",
       title = "Processus d√©cisionnels de Markov en intelligence artificielle",
       year = "2008" }
       
@misc{ littman,
       author = "Michael L. Littman",
       title = "Markov games as a framework for multi-agent reinforcement learning",
       year = "1994" }
       
@misc{ att-def,
       author = "Chris Y. T. Ma and David K. Y. Yau and Xin Lou and Nageswara S. V. Rao",
       title = "Markov Game Analysis for Attack-Defense of Power Networks",
       year = "2013" }
       
@misc{ gie-cha,
       author = "Olivier Gies and Brahim Chaib-Draa",
       title = "Apprentissage de la coordination multiagent : Q-learning par jeu adaptatif",
       year = "2004" }
       
@misc{ fil-vri,
       author = "Jerzy Filar and Koos Vrieze",
       title = "Competitive Markov Decision Processes",
       year = "1997" }